@article{liu2025profiling,
  author = {Liu, Tianyuan and Conesa, Ana},
  title = {Profiling the epigenome using long-read sequencing},
  journal = {Nature Genetics},
  volume = {57},
  pages = {27--41},
  year = {2025},
  month = {January},
  doi = {10.1038/s41588-024-02038-5},
  url = {https://doi.org/10.1038/s41588-024-02038-5}
}
