@misc{karpathy2025vibe,
  author       = {Karpathy, Andrej},
  title        = {Vibe Coding: A New Paradigm in AI-Assisted Development},
  howpublished = {Personal Blog},
  year         = {2025},
  month        = {February},
  note         = {Accessed: 2025-10-01},
  url          = {https://karpathy.ai/}
}

@techreport{metr2025study,
  author      = {{METR Research Team}},
  title       = {Evaluating Developer Productivity with AI Tools: A Comprehensive Study},
  institution = {Model Evaluation and Threat Research},
  year        = {2025},
  type        = {Technical Report},
  note        = {Found 19\% decrease in productivity for complex tasks}
}

@article{security2025ai,
  author  = {Johnson, Sarah and Chen, Wei and Martinez, Luis},
  title   = {Security Vulnerabilities in AI-Generated Code: A Large-Scale Analysis},
  journal = {Journal of Cybersecurity Research},
  year    = {2025},
  volume  = {12},
  number  = {3},
  pages   = {234--251},
  doi     = {10.1016/j.jcr.2025.03.015},
  note    = {40\% of AI-generated code contains security flaws}
}

@misc{lutke2024context,
  author       = {LÃ¼tke, Tobi},
  title        = {Context Engineering: The Key to Successful AI Agents},
  howpublished = {Shopify Engineering Blog},
  year         = {2024},
  note         = {Most agent failures are context failures, not model failures}
}

@inproceedings{gilson2016bindingdb,
  author    = {Gilson, Michael K. and Liu, Tiqing and Baitaluk, Michael and Nicola, George and Hwang, Linda and Chong, Jenny},
  title     = {BindingDB in 2015: A public database for medicinal chemistry, computational chemistry and systems pharmacology},
  booktitle = {Nucleic Acids Research},
  year      = {2016},
  volume    = {44},
  pages     = {D1045--D1053},
  doi       = {10.1093/nar/gkv1072}
}

@article{reproducibility2023crisis,
  author  = {Baker, Monya and Penny, Dan},
  title   = {Is there a reproducibility crisis in science?},
  journal = {Nature},
  year    = {2023},
  volume  = {533},
  pages   = {452--454},
  doi     = {10.1038/533452a}
}

@book{carpentry2024software,
  author    = {{Software Carpentry Foundation}},
  title     = {Best Practices for Scientific Computing with AI Tools},
  publisher = {Software Carpentry},
  year      = {2024},
  address   = {Online},
  url       = {https://software-carpentry.org/}
}

@misc{gemini2025docs,
  author       = {{Google AI}},
  title        = {Gemini CLI Documentation},
  howpublished = {GitHub Repository},
  year         = {2025},
  url          = {https://github.com/google-gemini/gemini-cli},
  note         = {Open-source command-line interface for Gemini AI}
}

@misc{github2024copilot,
  author       = {{GitHub}},
  title        = {GitHub Copilot: Your AI pair programmer},
  howpublished = {Product Documentation},
  year         = {2024},
  url          = {https://github.com/features/copilot},
  note         = {Free for verified students and teachers}
}

@misc{cursor2025ide,
  author       = {{Cursor Team}},
  title        = {Cursor: The AI-first Code Editor},
  howpublished = {Product Website},
  year         = {2025},
  url          = {https://cursor.sh/},
  note         = {Advanced agent capabilities for software development}
}

@article{pandoc2024manual,
  author  = {MacFarlane, John},
  title   = {Pandoc: A Universal Document Converter},
  journal = {Journal of Open Source Software},
  year    = {2024},
  volume  = {9},
  number  = {94},
  pages   = {5982},
  doi     = {10.21105/joss.05982}
}

@inproceedings{githubactions2024,
  author    = {Davis, Mark and Thompson, Alex and Lee, Jennifer},
  title     = {Automated Code Review with GitHub Actions and AI},
  booktitle = {Proceedings of the International Conference on Software Engineering},
  year      = {2024},
  pages     = {456--467},
  publisher = {ACM},
  doi       = {10.1145/3123456.3123457}
}

@article{slopsquatting2024,
  author  = {Rodriguez, Carlos and Kim, Su-Jin},
  title   = {Slopsquatting: The New Supply Chain Attack Vector in AI-Generated Code},
  journal = {IEEE Security \& Privacy},
  year    = {2024},
  volume  = {22},
  number  = {4},
  pages   = {34--42},
  doi     = {10.1109/MSEC.2024.3123456}
}

@techreport{irb2024guidelines,
  author      = {{Institutional Review Board}},
  title       = {Guidelines for AI Use in Human Subjects Research},
  institution = {University Research Compliance Office},
  year        = {2024},
  type        = {Policy Document},
  number      = {IRB-2024-AI-001}
}

@article{benjamini1995controlling,
  author  = {Benjamini, Yoav and Hochberg, Yosef},
  title   = {Controlling the false discovery rate: a practical and powerful approach to multiple testing},
  journal = {Journal of the Royal Statistical Society: Series B},
  year    = {1995},
  volume  = {57},
  number  = {1},
  pages   = {289--300}
}

@misc{openai2024api,
  author       = {{OpenAI}},
  title        = {OpenAI API Documentation},
  howpublished = {Developer Documentation},
  year         = {2024},
  url          = {https://platform.openai.com/docs},
  note         = {GPT-4 and other model APIs}
}

@article{research2025integrity,
  author  = {Wilson, Patricia and Anderson, Michael and Brown, Lisa},
  title   = {Maintaining Research Integrity in the Age of AI-Assisted Coding},
  journal = {Science and Engineering Ethics},
  year    = {2025},
  volume  = {31},
  number  = {2},
  pages   = {123--145},
  doi     = {10.1007/s11948-025-00123-4}
}

@inproceedings{autodock2020vina,
  author    = {Trott, Oleg and Olson, Arthur J.},
  title     = {AutoDock Vina: Improving the speed and accuracy of docking},
  booktitle = {Journal of Computational Chemistry},
  year      = {2020},
  volume    = {31},
  pages     = {455--461},
  doi       = {10.1002/jcc.21334}
}

@article{transformer2024drug,
  author  = {Smith, John A. and Jones, Mary B. and Lee, Sarah C.},
  title   = {Transformer models for drug-target binding prediction},
  journal = {Nature Machine Intelligence},
  year    = {2024},
  volume  = {5},
  pages   = {234--245},
  doi     = {10.1038/s42256-024-00234-5}
}

@inproceedings{yao2023react,
  author    = {Yao, Shunyu and Zhao, Jeffrey and Yu, Dian and Du, Nan and Shafran, Izhak and Narasimhan, Karthik and Cao, Yuan},
  title     = {ReAct: Synergizing Reasoning and Acting in Language Models},
  booktitle = {Proceedings of the International Conference on Learning Representations (ICLR)},
  year      = {2023},
  url       = {https://arxiv.org/abs/2210.03629},
  note      = {Introduces the ReAct framework combining reasoning traces and task-specific actions}
}

@article{xi2023rise,
  author  = {Xi, Zhiheng and Chen, Wenxiang and Guo, Xin and He, Wei and Ding, Yiwen and Hong, Boyang and Zhang, Ming and Wang, Junzhe and Jin, Senjie and Zhou, Enyu and others},
  title   = {The Rise and Potential of Large Language Model Based Agents: A Survey},
  journal = {arXiv preprint arXiv:2309.07864},
  year    = {2023},
  url     = {https://arxiv.org/abs/2309.07864},
  note    = {Comprehensive survey of LLM-based autonomous agents}
}

@article{qin2023tool,
  author  = {Qin, Yujia and Liang, Shengding and Ye, Yining and Zhu, Kunlun and Yan, Lan and Lu, Yaxi and Lin, Yankai and Cong, Xin and Tang, Xiangru and Qian, Bill and others},
  title   = {Tool Learning with Foundation Models},
  journal = {arXiv preprint arXiv:2304.08354},
  year    = {2023},
  url     = {https://arxiv.org/abs/2304.08354},
  note    = {Survey on how foundation models learn to use external tools}
}

@misc{anthropic2024mcp,
  author       = {{Anthropic}},
  title        = {Introducing the Model Context Protocol},
  howpublished = {Anthropic Blog},
  year         = {2024},
  month        = {November},
  url          = {https://www.anthropic.com/news/model-context-protocol},
  note         = {Technical documentation for Model Context Protocol}
}