@article{Smith2020,
  author  = {Smith, John and Johnson, Emily},
  title   = {Best Practices in Academic Presentations},
  journal = {Journal of Academic Communication},
  year    = {2020},
  volume  = {15},
  number  = {3},
  pages   = {245--267},
  doi     = {10.1234/jac.2020.15.3.245}
}

@article{Johnson2019,
  author  = {Johnson, Robert and Williams, Sarah},
  title   = {Effective Slide Design for Scientific Presentations},
  journal = {Scientific Presentation Quarterly},
  year    = {2019},
  volume  = {8},
  number  = {2},
  pages   = {112--128},
  doi     = {10.5678/spq.2019.8.2.112}
}

@article{Garcia2021,
  author  = {Garcia, Maria and Lopez, Carlos},
  title   = {Typography and Layout in Academic Slides},
  journal = {Visual Communication in Academia},
  year    = {2021},
  volume  = {5},
  number  = {4},
  pages   = {189--204},
  doi     = {10.9012/vca.2021.5.4.189}
}

@article{Wang2018,
  author  = {Wang, Li and Zhang, Wei},
  title   = {Data Visualization Techniques for Academic Presentations},
  journal = {Journal of Information Design},
  year    = {2018},
  volume  = {12},
  number  = {1},
  pages   = {78--95},
  doi     = {10.3456/jid.2018.12.1.78}
}

@article{Chen2022,
  author  = {Chen, David and Kim, Soo-Jin},
  title   = {Comparative Analysis of Presentation Styles in Academic Conferences},
  journal = {Conference Studies},
  year    = {2022},
  volume  = {7},
  number  = {2},
  pages   = {156--172},
  doi     = {10.7890/cs.2022.7.2.156}
}

@book{Miller2023,
  author    = {Miller, James},
  title     = {Handbook of Scientific Communication},
  publisher = {Academic Press},
  year      = {2023},
  address   = {Cambridge},
  isbn      = {978-0-123456-78-9}
}

@inproceedings{Brown2021,
  author    = {Brown, Lisa and Davis, Mark},
  title     = {Interactive Elements in Academic Presentations},
  booktitle = {Proceedings of the International Conference on Educational Technology},
  year      = {2021},
  pages     = {234--241},
  address   = {London, UK},
  publisher = {IEEE},
  doi       = {10.1109/icet.2021.1234567}
}

@misc{Thompson2022,
  author       = {Thompson, Alex},
  title        = {Guidelines for Effective Academic Presentations},
  howpublished = {\url{https://example.edu/presentation-guidelines}},
  year         = {2022},
  note         = {Accessed: 2023-01-15}
}

@article{Anderson2020,
  author  = {Anderson, Patricia and Wilson, Michael},
  title   = {Color Theory in Scientific Visualization},
  journal = {Visualization Science},
  year    = {2020},
  volume  = {18},
  number  = {4},
  pages   = {301--318},
  doi     = {10.1234/vs.2020.18.4.301}
}

@incollection{Lee2019,
  author    = {Lee, Kevin and Martinez, Sofia},
  title     = {Effective Use of Figures and Tables in Academic Presentations},
  booktitle = {Modern Academic Communication},
  editor    = {Taylor, Rebecca},
  publisher = {University Press},
  year      = {2019},
  pages     = {45--67},
  address   = {New York}
}
